@inproceedings{Zazworka2013EASE,
 author = {Zazworka, Nico and Sp\'{\i}nola, Rodrigo O. and Vetro', Antonio and Shull, Forrest and Seaman, Carolyn},
 title = {A Case Study on Effectively Identifying Technical Debt},
 booktitle = {Proc. of the Int'l Conf. on Evaluation and Assessment in Software Engineering (EASE)},
 year = {2013},
 pages = {42--47}
} 

@inproceedings{Wehaibi2016SANER,
  author    = {Sultan Wehaibi and Emad Shihab and Latifa Guerrouj},
  title     = {Examining the Impact of Self-admitted Technical Debt on Software Quality},
  booktitle = {Proc. of the Int'l Conference on Software Analysis, Evolution, and Reengineering (SANER)},
  pages     = {179--188},
  year      = {2016}
}

@misc{Understand,
  author = {{Scientific Toolworks, Inc.}},
  title = {{Understand 2.6}},
  note = {\url{http://www.scitools.com/}}
}

@inproceedings{Tsantalis2008CSMR,
 author = {Tsantalis, Nikolaos and Chaikalis, Theodoros and Chatzigeorgiou, Alexander},
 title = {JDeodorant: Identification and Removal of Type-Checking Bad Smells},
 booktitle = {Proc. European Conf. on Software Maintenance and Reengineering (CSMR)},
 year = {2008},
 pages = {329--331}
} 

@article{Kamei2013TSE,
 author = {Kamei, Yasutaka and Shihab, Emad and Adams, Bram and Hassan, Ahmed E. and Mockus, Audris and Sinha, Anand and Ubayashi, Naoyasu},
 title = {A large-scale empirical study of Just-in-Time quality assurance},
 journal = {IEEE Trans. Softw. Eng.},
 _issue_date = {June 2013},
 volume = {39},
 number = {6},
 year = {2013},
 pages = {757--773},
 _numpages = {17},
 _publisher = {IEEE Press},
}

@inproceedings{Kamei2010ICSM,
 author = {Yasutaka Kamei and Shinsuke Matsumoto and Akito Monden and Ken{-}ichi Matsumoto
 and Bram Adams and Ahmed E. Hassan},
 title = {Revisiting Common Bug Prediction Findings Using Effort Aware Models},
 booktitle = {Proc. of the Int'l Conf. on Software Maintenance (ICSM)},
 year = {2010},
 pages = {1--10}
}

@inproceedings{Guo2011ICSM,
 author = {Guo, Yuepu and Seaman, Carolyn and Gomes, Rebeka and Cavalcanti, Antonio and Tonin, Graziela and Da Silva, Fabio Q.  B. and Santos, Andre L.  M. and Siebra, Clauirton},
 title = {Tracking Technical Debt  --  An Exploratory Case Study},
 booktitle = {Proc. of the Int'l Conf. on Software Maintenance (ICSM)},
 year = {2011},
 pages = {528--531}
} 

@inproceedings{Potdar2014ICSME,
  author    = {Aniket Potdar and Emad Shihab},
  title     = {An Exploratory Study on Self-Admitted Technical Debt},
  booktitle = {Proc. of the Int'l Conf. on Software Maintenance and Evolution (ICSME)},
  pages     = {91--100},
  year      = {2014}
}

@inproceedings{Maldonado2015MTD,
  author    = {Everton Da S. Maldonado and Emad Shihab},
  title     = {Detecting and Quantifying Different Types of Self-Admitted Technical Debt},
  booktitle = {Proc. of the Int'l Workshop on Managing Technical Debt (MTD)},
  pages     = {9--15},
  year      = {2015}
}
